<?xml version="1.0" encoding="UTF-8"?>
<record xmlns="http://www.loc.gov/MARC21/slim">
  <leader>02407ntm a22003977a 4500</leader>
  <controlfield tag="001">3323294</controlfield>
  <controlfield tag="005">20090425004400.0</controlfield>
  <controlfield tag="008">090115s1845    xx            000 i eng d</controlfield>
  <datafield tag="033" ind1="0" ind2="0">
    <subfield code="a">18450123</subfield>
  </datafield>
  <datafield tag="035" ind1=" " ind2=" ">
    <subfield code="a">3323294</subfield>
  </datafield>
  <datafield tag="040" ind1=" " ind2=" ">
    <subfield code="a">BRL</subfield>
  </datafield>
  <datafield tag="099" ind1=" " ind2=" ">
    <subfield code="a">Ms.A.9.2 v.21, p.7</subfield>
  </datafield>
  <datafield tag="100" ind1="1" ind2=" ">
    <subfield code="a">Weston, Anne Warren,</subfield>
    <subfield code="d">1812-1890.</subfield>
  </datafield>
  <datafield tag="245" ind1="1" ind2="0">
    <subfield code="a">[Letter to Misses Weston]</subfield>
    <subfield code="h">[manuscript].</subfield>
  </datafield>
  <datafield tag="260" ind1=" " ind2=" ">
    <subfield code="a">39 Summer Street, [Boston],</subfield>
    <subfield code="c">January Thursday 23, 1845.</subfield>
  </datafield>
  <datafield tag="300" ind1=" " ind2=" ">
    <subfield code="a">1 leaf (4 p.)</subfield>
  </datafield>
  <datafield tag="500" ind1=" " ind2=" ">
    <subfield code="a">Holograph, signed with initials.</subfield>
  </datafield>
  <datafield tag="500" ind1=" " ind2=" ">
    <subfield code="a">This letter bears some resemblance to a journal or diary. Daniel spent Tuesday night here and seemed to enjoy himself. Anne says Daniel is &quot;a most remarkable creature.&quot; Samuel J. May decided against going to Syracuse, and will stay in Lexington. Samuel May, C. Stetson, and others are planning a meeting in Concord to deal with the case of Samuel Hoar. Ralph W. Emerson is said to be much stirred up by it. Yesterday&apos;s meeting was full and enthusiastic. Stephen S. Foster wanted the governor of Massachusetts to send a military force to Charleston, South Carolina, &quot;to sustain our agent.&quot; This proposal was opposed on the grounds of Non-Resistance. She describes an awkward conversation with C. C. Burleigh which she regrets. She mentions meeting Richard Hildreth and being invited to meet his wife. Anne caught a bad cold. Many people are named in this letter, but the references are brief and unimportant.</subfield>
  </datafield>
  <datafield tag="600" ind1="1" ind2="0">
    <subfield code="a">Weston, Anne Warren,</subfield>
    <subfield code="d">1812-1890</subfield>
    <subfield code="v">Correspondence.</subfield>
  </datafield>
  <datafield tag="600" ind1="1" ind2="0">
    <subfield code="a">Weston, Deborah</subfield>
    <subfield code="d">b. 1814.</subfield>
    <subfield code="v">Correspondence.</subfield>
  </datafield>
  <datafield tag="600" ind1="1" ind2="0">
    <subfield code="a">Weston, Caroline,</subfield>
    <subfield code="d">1808-1882</subfield>
    <subfield code="v">Correspondence.</subfield>
  </datafield>
  <datafield tag="600" ind1="1" ind2="0">
    <subfield code="a">Burleigh, Charles C.</subfield>
    <subfield code="q">(Charles Calistus),</subfield>
    <subfield code="d">1810-1878.</subfield>
  </datafield>
  <datafield tag="600" ind1="1" ind2="0">
    <subfield code="a">May, Samuel J.</subfield>
    <subfield code="q">(Samuel Joseph),</subfield>
    <subfield code="d">1797-1871.</subfield>
  </datafield>
  <datafield tag="600" ind1="1" ind2="0">
    <subfield code="a">Hoar, Samuel,</subfield>
    <subfield code="d">1778-1856.</subfield>
  </datafield>
  <datafield tag="600" ind1="1" ind2="0">
    <subfield code="a">Hildreth, Richard,</subfield>
    <subfield code="d">1807-1865.</subfield>
  </datafield>
  <datafield tag="600" ind1="1" ind2="0">
    <subfield code="a">Emerson, Ralph Waldo,</subfield>
    <subfield code="d">1803-1882.</subfield>
  </datafield>
  <datafield tag="600" ind1="1" ind2="0">
    <subfield code="a">Foster, Stephen S.</subfield>
    <subfield code="q">(Stephen Symonds),</subfield>
    <subfield code="d">1809-1881.</subfield>
  </datafield>
  <datafield tag="610" ind1="2" ind2="0">
    <subfield code="a">New England Non-Resistance Society.</subfield>
  </datafield>
  <datafield tag="650" ind1=" " ind2="0">
    <subfield code="a">Antislavery movements</subfield>
    <subfield code="z">United States</subfield>
    <subfield code="x">History</subfield>
    <subfield code="y">19th century.</subfield>
  </datafield>
  <datafield tag="650" ind1=" " ind2="0">
    <subfield code="a">Women abolitionists</subfield>
    <subfield code="z">Massachusetts</subfield>
    <subfield code="z">Boston</subfield>
    <subfield code="y">19th century</subfield>
    <subfield code="v">Correspondence.</subfield>
  </datafield>
  <datafield tag="655" ind1=" " ind2="0">
    <subfield code="a">Letters.</subfield>
  </datafield>
  <datafield tag="655" ind1=" " ind2="0">
    <subfield code="a">Manuscripts.</subfield>
  </datafield>
  <datafield tag="700" ind1="1" ind2=" ">
    <subfield code="a">Weston, Deborah,</subfield>
    <subfield code="d">b.1814</subfield>
    <subfield code="e">recipient.</subfield>
  </datafield>
  <datafield tag="700" ind1="1" ind2=" ">
    <subfield code="a">Weston, Caroline,</subfield>
    <subfield code="d">1808-1882,</subfield>
    <subfield code="e">recipient.</subfield>
  </datafield>
  <datafield tag="830" ind1=" " ind2="0">
    <subfield code="a">Anne Warren Weston Correspondence (1834-1886)</subfield>
  </datafield>
  <datafield tag="999" ind1=" " ind2=" ">
    <subfield code="a">shots: 4</subfield>
  </datafield>
</record>
